<?xml version="1.0" encoding="UTF-8"?>
<record xmlns="http://www.loc.gov/MARC21/slim" xmlns:xsi="http://www.w3.org/2001/XMLSchema-instance" xsi:schemaLocation="http://www.loc.gov/MARC21/slim http://www.loc.gov/standards/marcxml/schema/MARC21slim.xsd">
<leader>00000cam a22        4500</leader>
<controlfield tag="001">001678359</controlfield>
<controlfield tag="003">NNU</controlfield>
<controlfield tag="005">20150709160925.0</controlfield>
<controlfield tag="008">880219m19699999iq ach        000 0 arard</controlfield>
<datafield tag="010" ind1=" " ind2=" ">
<subfield code="a">   75961872</subfield>
</datafield>
<datafield tag="035" ind1=" " ind2=" ">
<subfield code="a">(OCoLC)17504241</subfield>
<subfield code="z">(OCoLC)123270471</subfield>
</datafield>
<datafield tag="040" ind1=" " ind2=" ">
<subfield code="a">WAU</subfield>
<subfield code="b">eng</subfield>
<subfield code="c">WAU</subfield>
<subfield code="d">OCL</subfield>
<subfield code="d">OCLCG</subfield>
<subfield code="d">HIN</subfield>
<subfield code="d">OCLCQ</subfield>
<subfield code="d">OCLCA</subfield>
<subfield code="d">OCLCF</subfield>
<subfield code="d">OCLCQ</subfield>
<subfield code="d">OCLCO</subfield>
</datafield>
<datafield tag="050" ind1=" " ind2="4">
<subfield code="a">BT1405</subfield>
<subfield code="b">.D712 1969</subfield>
</datafield>
<datafield tag="100" ind1="1" ind2=" ">
<subfield code="6">880-01</subfield>
<subfield code="a">Drower, E. S.</subfield>
<subfield code="q">(Ethel Stefana),</subfield>
<subfield code="c">Lady,</subfield>
<subfield code="d">1879-1972.</subfield>
</datafield>
<datafield tag="245" ind1="1" ind2="3">
<subfield code="6">880-02</subfield>
<subfield code="a">al-Ṣābiʼah al-Mandāʼīyūn,</subfield>
<subfield code="c">taʼlīf al-Laydī Dirāwawr, tarjamah Naʻīm Badawī wa-Ghaḍbān Rūmī.</subfield>
</datafield>
<datafield tag="260" ind1=" " ind2=" ">
<subfield code="6">880-03</subfield>
<subfield code="a">Baghdād :</subfield>
<subfield code="b">Maktabat al-Andalus,</subfield>
<subfield code="c">1969-</subfield>
</datafield>
<datafield tag="300" ind1=" " ind2=" ">
<subfield code="a">volumes</subfield>
<subfield code="b">illustrations, facsimiles, portrait</subfield>
</datafield>
<datafield tag="336" ind1=" " ind2=" ">
<subfield code="a">text</subfield>
<subfield code="b">txt</subfield>
<subfield code="2">rdacontent</subfield>
</datafield>
<datafield tag="337" ind1=" " ind2=" ">
<subfield code="a">unmediated</subfield>
<subfield code="b">n</subfield>
<subfield code="2">rdamedia</subfield>
</datafield>
<datafield tag="338" ind1=" " ind2=" ">
<subfield code="a">volume</subfield>
<subfield code="b">nc</subfield>
<subfield code="2">rdacarrier</subfield>
</datafield>
<datafield tag="500" ind1=" " ind2=" ">
<subfield code="a">Translation of Mandaeans of Iraq and Iran.</subfield>
</datafield>
<datafield tag="505" ind1="1" ind2=" ">
<subfield code="a">Qism 1. Tārīkh al-Ṣābiʼīn wa-tasmiyatuhum wa-ʻādātuhum wa-taqālīduhum wa-shaʻāiruhum Marājiʻ (p. 392-397).</subfield>
</datafield>
<datafield tag="650" ind1=" " ind2="0">
<subfield code="a">Mandaeans.</subfield>
</datafield>
<datafield tag="650" ind1=" " ind2="7">
<subfield code="a">Mandaeans.</subfield>
<subfield code="2">fast</subfield>
<subfield code="0">(OCoLC)fst01007407</subfield>
</datafield>
<datafield tag="700" ind1="1" ind2=" ">
<subfield code="6">880-04</subfield>
<subfield code="a">Badawī, Naʻīm,</subfield>
<subfield code="d">1911-</subfield>
</datafield>
<datafield tag="700" ind1="1" ind2=" ">
<subfield code="6">880-05</subfield>
<subfield code="a">Rūmī, Ghaḍbān,</subfield>
<subfield code="d">1905-</subfield>
</datafield>
<datafield tag="776" ind1="0" ind2="8">
<subfield code="i">Online version:</subfield>
<subfield code="a">Drower, E.S. (Ethel Stefana), Lady, b. 1879.</subfield>
<subfield code="t">Ṣābiʼah al-Mandāʼīyūn.</subfield>
<subfield code="d">Baghdād, Maktabat al-Andalus, 1969-</subfield>
<subfield code="w">(OCoLC)761472528</subfield>
</datafield>
<datafield tag="880" ind1="1" ind2=" ">
<subfield code="6">100-01/</subfield>
<subfield code="a">دراوور،</subfield>
<subfield code="d">1879-1972.</subfield>
</datafield>
<datafield tag="880" ind1="1" ind2="2">
<subfield code="6">245-02/</subfield>
<subfield code="a">الصابئة المندائيون،</subfield>
<subfield code="b">تأليف الليدي دراوور. ترجمة نعيم بدوي وغضبان رومي.</subfield>
</datafield>
<datafield tag="880" ind1=" " ind2=" ">
<subfield code="6">260-03/</subfield>
<subfield code="a">بغداد :</subfield>
<subfield code="b">مكتبة الاندلس،</subfield>
<subfield code="c">1969-</subfield>
</datafield>
<datafield tag="880" ind1="1" ind2=" ">
<subfield code="6">700-04/</subfield>
<subfield code="a">بدوي، نعيم،</subfield>
<subfield code="d">1911-</subfield>
</datafield>
<datafield tag="880" ind1="1" ind2=" ">
<subfield code="6">700-05/</subfield>
<subfield code="a">رومي، غضبان،</subfield>
<subfield code="d">1905-</subfield>
</datafield>
<datafield tag="OWN" ind1=" " ind2=" ">
<subfield code="a">GENERAL</subfield>
</datafield>
<datafield tag="AVA" ind1=" " ind2=" ">
<subfield code="a">NYU50</subfield>
<subfield code="b">BOBST</subfield>
<subfield code="c">Main Collection</subfield>
<subfield code="d">BT1405 .D712</subfield>
<subfield code="e">unavailable</subfield>
<subfield code="t">Unavailable</subfield>
<subfield code="f">1</subfield>
<subfield code="g">1</subfield>
<subfield code="h">Y</subfield>
<subfield code="i">0</subfield>
<subfield code="j">MAIN</subfield>
<subfield code="k">0</subfield>
</datafield>
</record>
